@inproceedings{chow24,
title={A Provably Accurate Randomized Sampling Algorithm for Logistic
Regression},
author={Chowdhury, Agniva and Ramuhalli, Pradeep},
booktitle={Proceedings of the AAAI Conference on Artificial Intelligence},
volume={38},
number={10},
pages={11597--11605},
year={2024},
url={https://ojs.aaai.org/index.php/AAAI/article/view/29042}
}

@inproceedings{yad21,
author = {Yadlowsky, Steve and Yun, Taedong and McLean, Cory Y and
D\textquotesingle Amour, Alexander},
booktitle = {Advances in Neural Information Processing Systems},
editor = {M. Ranzato and A. Beygelzimer and Y. Dauphin and P.S. Liang and J.
Wortman Vaughan},
pages = {29517--29528},
publisher = {Curran Associates, Inc.},
title = {SLOE: A Faster Method for Statistical Inference in High-Dimensional
Logistic Regression},
url =
{https://proceedings.neurips.cc/paper_files/paper/2021/file/f6c2a0c4b566bc99d596e58
638e342b0-Paper.pdf},
volume = {34},
year = {2021}
}

@inproceedings{shen20,
title={Stable learning via sample reweighting},
author={Shen, Zheyan and Cui, Peng and Zhang, Tong and Kunag, Kun},
booktitle={Proceedings of the AAAI Conference on Artificial Intelligence},
volume={34},
number={04},
pages={5692--5699},
year={2020},
url={https://ojs.aaai.org/index.php/AAAI/article/view/6024}
}